<?xml version="1.0" encoding="UTF-8"?><collection xmlns="http://www.loc.gov/MARC21/slim"><record><leader>00515nam--2200169-i-4500</leader><controlfield tag="001">000046883</controlfield><controlfield tag="002">20161230</controlfield><controlfield tag="005">20170103160532</controlfield><controlfield tag="008">060222s1000------------r-----000-0-eng-d</controlfield><datafield ind1=" " ind2=" " tag="040"><subfield code="a">IFIN-HH</subfield></datafield><datafield ind1=" " ind2=" " tag="080"><subfield code="a">539.213(061.3)</subfield></datafield><datafield ind1="1" ind2=" " tag="100"><subfield code="a">Von Allmen, M</subfield></datafield><datafield ind1="1" ind2="0" tag="245"><subfield code="a">Amorphous metals and non equilibrium processing</subfield><subfield code="b">June 5 th - 8th 1984 Strasbourg (france)</subfield><subfield code="c">M. Von Allmen (ed.)</subfield></datafield><datafield ind1=" " ind2=" " tag="260"><subfield code="a">Les Ulis</subfield><subfield code="b">Les Editions De Physique</subfield><subfield code="c">1984</subfield></datafield><datafield ind1=" " ind2=" " tag="300"><subfield code="a">XVII + 390 p</subfield></datafield><datafield ind1=" " ind2=" " tag="852"><subfield code="a">73866</subfield><subfield code="c">539.21</subfield></datafield><datafield ind1=" " ind2=" " tag="CAT"><subfield code="a">SYS</subfield><subfield code="c">20170103</subfield><subfield code="h">160532</subfield></datafield></record></collection>